1912 2400
296 158 1458 114 Umgekehrt zum Verlauf dieser kurzen Dar-

216 256 1524 116 stellung der Linie verläuft die darin zugleich

266 358 1480 118 enthaltene Darstellung der Fläche. Als die

202 466 1526 118 Linie aktiv war, teilte sie in imaginäre

268 560 1478 132 Flächen. Dazwischen drängte sich der Flächen-

268 684 1342 98 charakter hervor, und wurde dann

248 784 1474 112 aktiv, als die Linie als passiv bezeichnet

254 890 264 84 wurde.

372 986 1358 132 Die Fläche ist, rein gezüchtet, das ruhige

218 1090 1422 126 Element. Gerät sie aber in Bewegung,

732 1218 298 82 Ꚛ

350 1308 1236 108 so nähert sie sich dem Liniencharakter.

248 1410 324 110 Je weiter

588 1564 310 58 Ꚛ

996 1624 800 116 die Linie AB sich fort-

300 1728 1568 116 bewegt, desto dünner wird dadurch die beschriebene

298 1834 1280 118 Fläche im Verhältnis zu ihrer Länge,

346 1950 1444 120 bis man schliesslich von einem Zusammen-

264 2056 1504 108 fallen von A mit B sprechen kann, womit

288 2156 1550 122 fallen von A mit B sprechen kann, womit

924 2256 970 126 * (Dieser Abschnitt ist repetirt auf Seite 143-146)
